@article{kober2013reinforcement,
  title={Reinforcement learning in robotics: A survey},
  author={Kober, Jens and Bagnell, J Andrew and Peters, Jan},
  journal={The International Journal of Robotics Research},
  volume={32},
  number={11},
  pages={1238--1274},
  year={2013},
  publisher={SAGE Publications Sage UK: London, England}
}

@article{trebino1993using,
  title={Using phase retrieval to measure the intensity and phase of ultrashort pulses: frequency-resolved optical gating},
  author={Trebino, Rick and Kane, Daniel J},
  journal={Journal of the Optical society of America A},
  volume={10},
  number={5},
  pages={1101--1111},
  year={1993},
  publisher={Optical Society of America}
}

@article{trebino1997measuring,
  title={Measuring ultrashort laser pulses in the time-frequency domain using frequency-resolved optical gating},
  author={Trebino, Rick and DeLong, Kenneth W and Fittinghoff, David N and Sweetser, John N and Krumb{\"u}gel, Marco A and Richman, Bruce A and Kane, Daniel J},
  journal={Review of Scientific Instruments},
  volume={68},
  number={9},
  pages={3277--3295},
  year={1997},
  publisher={AIP Publishing}
}

@article{chen2021understanding,
  title={Understanding domain randomization for sim-to-real transfer},
  author={Chen, Xiaoyu and Hu, Jiachen and Jin, Chi and Li, Lihong and Wang, Liwei},
  journal={arXiv preprint arXiv:2110.03239},
  year={2021}
}

@inproceedings{tobin2017domain,
  title={Domain randomization for transferring deep neural networks from simulation to the real world},
  author={Tobin, Josh and Fong, Rachel and Ray, Alex and Schneider, Jonas and Zaremba, Wojciech and Abbeel, Pieter},
  booktitle={2017 IEEE/RSJ international conference on intelligent robots and systems (IROS)},
  pages={23--30},
  year={2017},
  organization={IEEE}
}

@article{tiboni2023dropo,
title = {DROPO: Sim-to-real transfer with offline domain randomization},
journal = {Robotics and Autonomous Systems},
pages = {104432},
year = {2023},
issn = {0921-8890},
doi = {https://doi.org/10.1016/j.robot.2023.104432},
author = {Gabriele Tiboni and Karol Arndt and Ville Kyrki},
keywords = {Robot learning, Transfer learning, Reinforcement learning, Domain randomization}
}

@article{jaynes1957information,
  title={Information theory and statistical mechanics},
  author={Jaynes, Edwin T},
  journal={Physical review},
  volume={106},
  number={4},
  pages={620},
  year={1957},
  publisher={APS}
}

@article{sadeghi2016cad2rl,
  title={Cad2rl: Real single-image flight without a single real image},
  author={Sadeghi, Fereshteh and Levine, Sergey},
  journal={arXiv preprint arXiv:1611.04201},
  year={2016}
}

@inproceedings{haarnoja2018soft,
  title={Soft actor-critic: Off-policy maximum entropy deep reinforcement learning with a stochastic actor},
  author={Haarnoja, Tuomas and Zhou, Aurick and Abbeel, Pieter and Levine, Sergey},
  booktitle={International conference on machine learning},
  pages={1861--1870},
  year={2018},
  organization={Pmlr}
}

@article{lillicrap2015continuous,
  title={Continuous control with deep reinforcement learning},
  author={Lillicrap, Timothy P and Hunt, Jonathan J and Pritzel, Alexander and Heess, Nicolas and Erez, Tom and Tassa, Yuval and Silver, David and Wierstra, Daan},
  journal={arXiv preprint arXiv:1509.02971},
  year={2015}
}

@article{mnih2013playing,
  title={Playing atari with deep reinforcement learning},
  author={Mnih, Volodymyr and Kavukcuoglu, Koray and Silver, David and Graves, Alex and Antonoglou, Ioannis and Wierstra, Daan and Riedmiller, Martin},
  journal={arXiv preprint arXiv:1312.5602},
  year={2013}
}

@article{zahavy2018deep,
  title={Deep learning reconstruction of ultrashort pulses},
  author={Zahavy, Tom and Dikopoltsev, Alex and Moss, Daniel and Haham, Gil Ilan and Cohen, Oren and Mannor, Shie and Segev, Mordechai},
  journal={Optica},
  volume={5},
  number={5},
  pages={666--673},
  year={2018},
  publisher={Optical Society of America}
}

@article{margolis2024rapid,
  title={Rapid locomotion via reinforcement learning},
  author={Margolis, Gabriel B and Yang, Ge and Paigwar, Kartik and Chen, Tao and Agrawal, Pulkit},
  journal={The International Journal of Robotics Research},
  volume={43},
  number={4},
  pages={572--587},
  year={2024},
  publisher={SAGE Publications Sage UK: London, England}
}

@article{tiboni2023domain,
  title={Domain randomization via entropy maximization},
  author={Tiboni, Gabriele and Klink, Pascal and Peters, Jan and Tommasi, Tatiana and D'Eramo, Carlo and Chalvatzaki, Georgia},
  journal={arXiv preprint arXiv:2311.01885},
  year={2023}
}

@article{akkaya2019solving,
  title={Solving rubik's cube with a robot hand},
  author={Akkaya, Ilge and Andrychowicz, Marcin and Chociej, Maciek and Litwin, Mateusz and McGrew, Bob and Petron, Arthur and Paino, Alex and Plappert, Matthias and Powell, Glenn and Ribas, Raphael and others},
  journal={arXiv preprint arXiv:1910.07113},
  year={2019}
}

@article{antonova2017reinforcement,
  title={Reinforcement learning for pivoting task},
  author={Antonova, Rika and Cruciani, Silvia and Smith, Christian and Kragic, Danica},
  journal={arXiv preprint arXiv:1703.00472},
  year={2017}
}

@article{zhu2017fast,
  title={Fast model identification via physics engines for data-efficient policy search},
  author={Zhu, Shaojun and Kimmel, Andrew and Bekris, Kostas E and Boularias, Abdeslam},
  journal={arXiv preprint arXiv:1710.08893},
  year={2017}
}

@inproceedings{peng2018sim,
  title={Sim-to-real transfer of robotic control with dynamics randomization},
  author={Peng, Xue Bin and Andrychowicz, Marcin and Zaremba, Wojciech and Abbeel, Pieter},
  booktitle={2018 IEEE international conference on robotics and automation (ICRA)},
  pages={3803--3810},
  year={2018},
  organization={IEEE}
}

@inproceedings{anjum2024high,
  title={High-Power Laser Pulse Shape Optimization with Hybrid Stochastic Optimization Algorithms},
  author={Anjum, Ishraq Md and Peceli, Davorin and Capuano, Francesco and Rus, Bedrich},
  booktitle={Laser Science},
  pages={JD4A--55},
  year={2024},
  organization={Optica Publishing Group}
}

@article{shalloo2020automation,
  title={Automation and control of laser wakefield accelerators using Bayesian optimization},
  author={Shalloo, RJ and Dann, SJD and Gruse, J-N and Underwood, CID and Antoine, AF and Arran, Christopher and Backhouse, Michael and Baird, CD and Balcazar, MD and Bourgeois, Nicholas and others},
  journal={Nature communications},
  volume={11},
  number={1},
  pages={6355},
  year={2020},
  publisher={Nature Publishing Group UK London}
}

@article{loughran2023automated,
  title={Automated control and optimisation of laser driven ion acceleration},
  author={Loughran, B and Streeter, MJV and Ahmed, H and Astbury, S and Balcazar, M and Borghesi, M and Bourgeois, N and Curry, CB and Dann, SJD and DiIorio, S and others},
  journal={High Power Laser Science and Engineering},
  pages={1--11},
  year={2023},
  publisher={Cambridge University Press}
}

@inproceedings{capuano2022laser,
author={Capuano, Francesco and Peceli, Davorin and Tiboni, Gabriele and {\v{S}}pa{\v{c}}ek, Alexandr and Rus, Bed{\v{r}}ic},
title={Laser Pulse Duration Optimization With Numerical Methods},
booktitle={Proceedings of the PCaPAC2022 conference},
publisher={JaCoW},
year={2022},
pages={37--40}
}

@article{schulman2017proximal,
  title={Proximal policy optimization algorithms},
  author={Schulman, John and Wolski, Filip and Dhariwal, Prafulla and Radford, Alec and Klimov, Oleg},
  journal={arXiv preprint arXiv:1707.06347},
  year={2017}
}

@inproceedings{schulman2015trust,
  title={Trust region policy optimization},
  author={Schulman, John and Levine, Sergey and Abbeel, Pieter and Jordan, Michael and Moritz, Philipp},
  booktitle={International conference on machine learning},
  pages={1889--1897},
  year={2015},
  organization={PMLR}
}

@misc{wandb,
title = {Experiment Tracking with Weights and Biases},
year = {2020},
note = {Software available from wandb.com},
url={https://www.wandb.com/},
author = {Biewald, Lukas},
}

@article{stable-baselines3,
  author  = {Antonin Raffin and Ashley Hill and Adam Gleave and Anssi Kanervisto and Maximilian Ernestus and Noah Dormann},
  title   = {Stable-Baselines3: Reliable Reinforcement Learning Implementations},
  journal = {Journal of Machine Learning Research},
  year    = {2021},
  volume  = {22},
  number  = {268},
  pages   = {1-8},
  url     = {http://jmlr.org/papers/v22/20-1364.html}
}

@book{sutton2018reinforcement,
  title={Reinforcement learning: An introduction},
  author={Sutton, Richard S and Barto, Andrew G},
  year={2018},
  publisher={MIT press}
}


@article{Batysta:14,
	abstract = {A simple and compact scheme for synchronization of the pump and signal pulses for short-pulse OPCPA is demonstrated. Relative timing jitter of 17 fs RMS is achieved (1\% of the pump pulse duration) and the system remains locked for hours. The scheme uses a balanced optical cross correlator to detect relative delays between the pump and signal pulses and can be operated with just 10's of $\mu$J of pump energy and pJ-level signal energies.},
	author = {Franti\v{s}ek Batysta and Roman Antipenkov and Jonathan T. Green and Jack A. Naylon and Jakub Nov\'{a}k and Tom\'{a}\v{s} Mazanec and Petr H\v{r}\'{i}bek and Charalampos Zervos and Pavel Bakule and Bed\v{r}ich Rus},
	doi = {10.1364/OE.22.030281},
	journal = {Opt. Express},
	keywords = {Lasers, diode-pumped; Optical amplifiers; Parametric oscillators and amplifiers; Laser stabilization ; Fiber lasers; Optical parametric chirped pulse amplification; Picosecond pulses; Power spectral density; Regenerative amplification; Sum frequency generation},
	month = {Dec},
	number = {24},
	pages = {30281--30286},
	publisher = {Optica Publishing Group},
	title = {Pulse synchronization system for picosecond pulse-pumped OPCPA with femtosecond-level relative timing jitter},
	url = {https://opg.optica.org/oe/abstract.cfm?URI=oe-22-24-30281},
	volume = {22},
	year = {2014},
	bdsk-url-1 = {https://opg.optica.org/oe/abstract.cfm?URI=oe-22-24-30281},
	bdsk-url-2 = {https://doi.org/10.1364/OE.22.030281}}

@article{baumert1997femtosecond,
  title={Femtosecond pulse shaping by an evolutionary algorithm with feedback.},
  author={Baumert, T and Brixner, T and Seyfried, V and Strehle, M and Gerber, G},
  journal={Applied Physics B: Lasers \& Optics},
  volume={65},
  number={6},
  year={1997},
  publisher={Citeseer}
}

@article{yelin1997adaptive,
  title={Adaptive femtosecond pulse compression},
  author={Yelin, D and Meshulach, D and Silberberg, Yaron},
  journal={Optics letters},
  volume={22},
  number={23},
  pages={1793--1795},
  year={1997},
  publisher={Optica Publishing Group}
}

@article{arteaga2014supercontinuum,
  title={Supercontinuum optimization for dual-soliton based light sources using genetic algorithms in a grid platform},
  author={Arteaga-Sierra, Francisco Rodrigo and Mili{\'a}n, C and Torres-G{\'o}mez, I and Torres-Cisneros, M and Molt{\'o}, Germ{\'a}n and Ferrando, A},
  journal={Optics express},
  volume={22},
  number={19},
  pages={23686--23693},
  year={2014},
  publisher={Optica Publishing Group}
}

@article{woodward2016towards,
  title={Towards ‘smart lasers’: self-optimisation of an ultrafast pulse source using a genetic algorithm},
  author={Woodward, RI and Kelleher, Edmund JR},
  journal={Scientific reports},
  volume={6},
  number={1},
  pages={1--9},
  year={2016},
  publisher={Springer}
}

@article{dann2019laser,
  title={Laser wakefield acceleration with active feedback at 5 Hz},
  author={Dann, SJD and Baird, CD and Bourgeois, N and Chekhlov, O and Eardley, S and Gregory, CD and Gruse, J-N and Hah, J and Hazra, D and Hawkes, SJ and others},
  journal={Physical review accelerators and beams},
  volume={22},
  number={4},
  pages={041303},
  year={2019},
  publisher={APS}
}

@InProceedings{tiboniadrbenchmark,
    author="Tiboni, Gabriele and Arndt, Karol and Averta, Giuseppe and Kyrki, Ville and Tommasi, Tatiana",
    editor="Borja, Pablo and Della Santina, Cosimo and Peternel, Luka and Torta, Elena",
    title="Online vs. Offline Adaptive Domain Randomization Benchmark",
    booktitle="Human-Friendly Robotics 2022",
    year="2023",
    publisher="Springer International Publishing",
    address="Cham",
    pages="158--173",
    isbn="978-3-031-22731-8"
}

@article{brockman2016openai,
  title={Openai gym},
  author={Brockman, Greg and Cheung, Vicki and Pettersson, Ludwig and Schneider, Jonas and Schulman, John and Tang, Jie and Zaremba, Wojciech},
  journal={arXiv preprint arXiv:1606.01540},
  year={2016}
}

@inproceedings{capuano2023temporl,
  title={TempoRL: laser pulse temporal shape optimization with deep reinforcement learning},
  author={Capuano, Francesco and Peceli, Davorin and Tiboni, Gabriele and Camoriano, Raffaello and Rus, Bed{\v{r}}ich},
  booktitle={High-power, High-energy Lasers and Ultrafast Optical Technologies},
  volume={12577},
  pages={62--74},
  year={2023},
  organization={SPIE}
}

@article{gaumnitz2017streaking,
  title={Streaking of 43-attosecond soft-X-ray pulses generated by a passively CEP-stable mid-infrared driver},
  author={Gaumnitz, Thomas and Jain, Arohi and Pertot, Yoann and Huppert, Martin and Jordan, Inga and Ardana-Lamas, Fernando and W{\"o}rner, Hans Jakob},
  journal={Optics express},
  volume={25},
  number={22},
  pages={27506--27518},
  year={2017},
  publisher={Optical Society of America}
}

@book{paschotta2008field,
  title={Field guide to laser pulse generation},
  author={Paschotta, R{\"u}diger},
  volume={14},
  year={2008},
  publisher={SPIE press Bellingham}
}

@inproceedings{rakhmatulin2024reinforcement,
  title={Reinforcement Learning for Aligning Laser Optics with Kinematic Mounts},
  author={Rakhmatulin, Ildar and Risbridger, Donald and Carter, RM and Esser, MJ Daniel and Erden, Mustafa Suphi},
  booktitle={2024 IEEE 20th International Conference on Automation Science and Engineering (CASE)},
  pages={1397--1402},
  year={2024},
  organization={IEEE}
}

@article{han2024optimizing,
  title={Optimizing ultrashort pulse in fiber laser based on artificial intelligence algorithm},
  author={Han, Xiaoxiang and Huang, Zhiting and Yue, Jun and Li, Jun and Yan, Xiang’an and Xia, Yanwen and Zhang, Guoqing and Zhang, Haiyang and Xia, Caijuan and Zhang, Yusheng},
  journal={Scientific Reports},
  volume={14},
  number={1},
  pages={7919},
  year={2024},
  publisher={Nature Publishing Group UK London}
}

@inproceedings{mareev2023self,
  title={Self-Adjusting Optical Systems Based on Reinforcement Learning},
  author={Mareev, Evgenii and Garmatina, Alena and Semenov, Timur and Asharchuk, Nika and Rovenko, Vladimir and Dyachkova, Irina},
  booktitle={Photonics},
  volume={10},
  pages={1097},
  year={2023},
  organization={MDPI}
}

@article{kuprikov2022deep,
  title={Deep reinforcement learning for self-tuning laser source of dissipative solitons},
  author={Kuprikov, Evgeny and Kokhanovskiy, Alexey and Serebrennikov, Kirill and Turitsyn, Sergey},
  journal={Scientific Reports},
  volume={12},
  number={1},
  pages={7185},
  year={2022},
  publisher={Nature Publishing Group UK London}
}

@article{abu2024achievement,
  title={Achievement of target gain larger than unity in an inertial fusion experiment},
  author={Abu-Shawareb, H and Acree, R and Adams, P and Adams, J and Addis, B and Aden, R and Adrian, P and Afeyan, BB and Aggleton, M and Aghaian, L and others},
  journal={Physical review letters},
  volume={132},
  number={6},
  pages={065102},
  year={2024},
  publisher={APS}
}


@inproceedings{matys2023high,
  title={High-quality laser-accelerated ion beams from structured targets},
  author={Matys, Martin and Psikal, Jan and Nishihara, Katsunobu and Klimo, Ondrej and Jirka, Martin and Valenta, Petr and Bulanov, Sergei V},
  booktitle={Photonics},
  volume={10},
  number={1},
  pages={61},
  year={2023},
  organization={MDPI}
}

@misc{grittani2020device,
  title={Device and method for high dose per pulse radiotherapy with real time imaging},
  author={Grittani, Gabriele Maria and Levato, Tadzio and Lazzarini, Carlo Maria and Korn, Georg},
  year={2020},
  month=mar # "~31",
  publisher={Google Patents},
  note={US Patent 10,603,514}
}

@book{sutton1998introduction,
    title={Reinforcement Learning: {A}n Introduction},
    author={Sutton, Richard S. and Barto, Andrew G.},
	publisher={The MIT Press},
	year={1998},
	address={Cambridge, MA},
}

@inproceedings{Sutton2000,
	author="R. S. Sutton and D. McAllester and S. Singh and Y. Mansour",
	title="Policy Gradient Methods for Reinforcement Learning with Function Approximation",
	booktitle="Advances in Neural Information Processing Systems 12",
	year="2000",
	pages="1057--1063",
	}

@article{Williams1992,
	author="R. J. Williams",
	title="Simple Statistical Gradient-Following Algorithms for Connectionist Reinforcement Learning",
	year="1992",
	Journal="Machine Learning",
	volume="8",
	pages="229--256",
	}

@inproceedings{valassakis2020crossing,
  title={Crossing the gap: A deep dive into zero-shot sim-to-real transfer for dynamics},
  author={Valassakis, Eugene and Ding, Zihan and Johns, Edward},
  booktitle={2020 IEEE/RSJ International Conference on Intelligent Robots and Systems (IROS)},
  pages={5372--5379},
  year={2020},
  organization={IEEE}
}